@article{demmel1995stability,
  title={Stability of block LU factorization},
  author={Demmel, James W and Higham, Nicholas J and Schreiber, Robert S},
  journal={Numerical linear algebra with applications},
  volume={2},
  number={2},
  pages={173--190},
  year={1995},
  publisher={Wiley Online Library}
}

@article{dongarra2014achieving,
  title={Achieving numerical accuracy and high performance using recursive tile lu factorization with partial pivoting},
  author={Dongarra, Jack and Faverge, Mathieu and Ltaief, Hatem and Luszczek, Piotr},
  journal={Concurrency and Computation: Practice and Experience},
  volume={26},
  number={7},
  pages={1408--1431},
  year={2014},
  publisher={Wiley Online Library}
}

@article{quintana2008updating,
  title={Updating an LU factorization with pivoting},
  author={Quintana-Ort{\'\i}, Enrique S and Van De Geijn, Robert A},
  journal={ACM Transactions on Mathematical Software (TOMS)},
  volume={35},
  number={2},
  pages={11},
  year={2008},
  publisher={ACM}
}

@article{george1985implementation,
  title={An implementation of Gaussian elimination with partial pivoting for sparse systems},
  author={George, Alan and Ng, Esmond},
  journal={SIAM journal on scientific and statistical computing},
  volume={6},
  number={2},
  pages={390--409},
  year={1985},
  publisher={SIAM}
}